% This file was created with JabRef 2.10.
% Encoding: UTF-8


@Manual{agricolum,
  Title                    = {Cuaderno de campo agrícola Agricolum},

  Url                      = {https://agricolum.com}
}

@Manual{agronev,
  Title                    = {Cuaderno de campo Agronev},

  Url                      = {http://jnevado.com/CUADERNOCAMPO/}
}

@Manual{agroslab,
  Title                    = {Cuaderno de Explotación Agrícola Campo aGROSLab},

  Url                      = {http://www.cuadernoexplotacion.es}
}
@Manual{cloudera,
 Title = {Repositorio de cloudera}, 
 Url = {https://repository.cloudera.com/content/repositories/releases/}
 }
@Manual{angularjs,
  Title                    = {AngularJS},

  Owner                    = {catalin},
  Timestamp                = {2017.10.31},
  Url                      = {https://angularjs.org}
}

@Manual{cricyt,
  Title                    = {Centro Científico Tecnológico (CCT) Mendoza},

  Url                      = {http://www.cricyt.edu.ar/enciclopedia/terminos/ProducFito.htm}
}

@Manual{cuadernoexplotacion,
  Title                    = {Cuaderno de explotación},

  Url                      = {http://www.mapama.gob.es/es/prensa/noticias/el-ministerio-de-agricultura-alimentación-y-medio-ambiente-aprueba-un-modelo-armonizado-de-cuaderno-de-explotación-de-los-productos-fitosanitarios--/tcm7-311275-16}
}

@Manual{directiva128,
  Title                    = {Directiva 2009/128/CE},

  Url                      = {http://eur-lex.europa.eu/LexUriServ/LexUriServ.do?uri=OJ:L:2009:309:0071:0086:es:PDF}
}

@Manual{faqmapama,
  Title                    = {Preguntas y respuestas frecuentes sobre el registro de productos fitosanitarios del Ministerio de Agricultura, Alimentación y Medio Ambiente},

  Owner                    = {catalin},
  Timestamp                = {2017.10.31},
  Url                      = {http://www.mapama.gob.es/agricultura/pags/fitos/registro/fichas/pdf/FAQ.pdf}
}

@Manual{farmacowiki,
  Title                    = {Fármaco, Wikipedia},

  Url                      = {https://es.wikipedia.org/wiki/Fármaco}
}

@Manual{glosarioterminosfito,
  Title                    = {Glosario de términos fitosanitarios},

  Url                      = {https://www.ippc.int/static/media/files/publication/es/2016/06/ISPM_05_2016_Es_2016-06-23_FullReviewLRG-CPAM.pdf}
}

@Manual{glosarioterminosmapama,
  Title                    = {Glosario de términos del Mapama},

  Url                      = {http://www.mapama.gob.es/es/agricultura/temas/sanidad-vegetal/glosario-de-terminos-f-a-o/}
}

@Manual{hadoop,
  Title                    = {Apache\textsuperscript{TM} Hadoop\textregistered},
  Note                     = {Version XXXXXX.},

  Url                      = {http://hadoop.apache.org}
}

@Manual{hive,
  Title                    = {Apache Hive\textsuperscript{TM}},
  Note                     = {Version XXXXXX.},

  Url                      = {https://hive.apache.org}
}

@Manual{jhipster,
  Title                    = {JHipster},
  Note                     = {Version XXXXXX.},

  Url                      = {http://www.jhipster.tech}
}

@Manual{mapama,
  Title                    = {Página web del ministerio de agricultura y pesca, alimentación y medio ambiente de España},

  Url                      = {http://www.mapama.gob.es/es/agricultura/temas/sanidad-vegetal/productos-fitosanitarios/registro/menu.asp}
}

@Manual{mysql,
  Title                    = {MySQL},
  Note                     = {Version XXXXXX.},

  Url                      = {https://www.mysql.com}
}

@Manual{pesticidesdb,
  Title                    = {Base de datos de pesticidas a nivel Europeo},

  Url                      = {http://ec.europa.eu/food/plant/pesticides/eu-pesticides-database/public/?event=homepage&language=EN}
}

@Manual{reglamento,
  Title                    = {Reglamento (CE) nº 1107/2009 del Parlamento Europeo y del Consejo, de 21 de octubre de 2009, relativo a la comercialización de productos fitosanitarios y por el que se derogan las Directivas 79/117/CEE y 91/414/CEE del Consejo.},

  Owner                    = {catalin},
  Timestamp                = {2017.10.31},
  Url                      = {https://www.boe.es/buscar/doc.php?id=DOUE-L-2009-82202}
}

@Manual{solicitud,
  Title                    = {Formulario para solicitudes relativas al registro oficial de productos y material fitosanitario},

  Owner                    = {catalin},
  Timestamp                = {2017.10.31},
  Url                      = {http://www.mapama.gob.es/agricultura/pags/fitos/registro/fichas/pdf/Modelo%20solicitud%20Registro.pdf}
}

@Manual{springboot,
  Title                    = {Spring Boot},

  Owner                    = {catalin},
  Timestamp                = {2017.10.31},
  Url                      = {https://projects.spring.io/spring-boot/}
}

@Manual{springframework,
  Title                    = {Spring Framework},

  Owner                    = {catalin},
  Timestamp                = {2017.10.31},
  Url                      = {https://projects.spring.io/spring-framework/}
}

@Manual{sqoop,
  Title                    = {Apache Sqoop\textsuperscript{TM}},

  Owner                    = {catalin},
  Timestamp                = {2017.10.31},
  Url                      = {http://sqoop.apache.org}
}

@Manual{talend,
  Title                    = {Talend},

  Owner                    = {catalin},
  Timestamp                = {2017.10.31},
  Url                      = {https://www.talend.com}
}

@comment{jabref-meta: databaseType:bibtex;}

